<collection xmlns="http://www.loc.gov/MARC21/slim">
<record>
  <leader>00894nam0a22002291i 450 </leader>
  <controlfield tag="001">IT\ICCU\CNCE\069865</controlfield>
  <controlfield tag="005">20080414000000.0</controlfield>
  <datafield tag="012" ind1=" " ind2=" ">
    <subfield code="a">I.s. ums. s.s. o.r- (S) 1576 (R)</subfield>
    <subfield code="2">fei</subfield>
  </datafield>
  <datafield tag="100" ind1=" " ind2=" ">
    <subfield code="a">20070312d1576        0itac0103    ba</subfield>
  </datafield>
  <datafield tag="101" ind1=" " ind2=" ">
    <subfield code="a">LAT</subfield>
  </datafield>
  <datafield tag="102" ind1=" " ind2=" ">
    <subfield code="a">IT</subfield>
  </datafield>
  <datafield tag="200" ind1="1" ind2=" ">
    <subfield code="a">℗S.D.N.D. Gregorii PP. XIII ℗Iubileum ad auertenda pestis pericula</subfield>
  </datafield>
  <datafield tag="210" ind1=" " ind2=" ">
    <subfield code="a">Venetiis</subfield>
    <subfield code="c">apud Danielem Zanettum</subfield>
    <subfield code="d">1576</subfield>
  </datafield>
  <datafield tag="215" ind1=" " ind2=" ">
    <subfield code="a">1 foglio</subfield>
    <subfield code="d">atl</subfield>
  </datafield>
  <datafield tag="620" ind1=" " ind2=" ">
    <subfield code="a">IT</subfield>
    <subfield code="d">Venezia</subfield>
  </datafield>
  <datafield tag="700" ind1=" " ind2="0">
    <subfield code="a">Gregorius</subfield>
    <subfield code="c"> &lt;papa</subfield>
    <subfield code="c"> ; 13.&gt;</subfield>
    <subfield code="3">IT\ICCU\CNCA\000020</subfield>
  </datafield>
  <datafield tag="712" ind1="0" ind2="0">
    <subfield code="a">Zanetti, Daniele</subfield>
    <subfield code="3">IT\ICCU\CNCT\000257</subfield>
    <subfield code="4">650</subfield>
  </datafield>
  <datafield tag="790" ind1=" " ind2="1">
    <subfield code="a">Buoncompagni,</subfield>
    <subfield code="b">Ugo</subfield>
    <subfield code="3">IT\ICCU\CNCA\008198</subfield>
    <subfield code="z">Gregorius &lt;papa ; 13.&gt;</subfield>
  </datafield>
  <datafield tag="791" ind1="0" ind2="0">
    <subfield code="a">Zaneti, Daniel</subfield>
    <subfield code="3">IT\ICCU\CNCT\005792</subfield>
    <subfield code="z">Zanetti, Daniele</subfield>
  </datafield>
  <datafield tag="791" ind1="0" ind2="0">
    <subfield code="a">Zanettus, Daniel</subfield>
    <subfield code="3">IT\ICCU\CNCT\005793</subfield>
    <subfield code="z">Zanetti, Daniele</subfield>
  </datafield>
  <datafield tag="801" ind1=" " ind2="3">
    <subfield code="a">IT</subfield>
    <subfield code="b">ICCU</subfield>
    <subfield code="c">20201115</subfield>
  </datafield>
  <datafield tag="899" ind1=" " ind2=" ">
    <subfield code="a">Biblioteca Apostolica Vaticana. Citt ̉del Vaticano</subfield>
    <subfield code="1">EX0001</subfield>
    <subfield code="2">ZCV 01</subfield>
  </datafield>
</record>
</collection>
